2734 4825
458 116 496 238 Ξ,

2386 267 2423 289 .

464 369 605 424 vm
1236 369 1791 432 nistera-1⁸10»
1901 423 1906 438 ,

474 507 789 598 Athenis
824 513 1159 616 Herodes
1203 521 1472 596 odeum
1501 515 1957 612 condiderit(
1987 517 2324 594 omnibus
2349 518 2541 594 illud

476 649 548 700 et
612 627 1109 727 magnitudine
1166 645 1526 725 praestans
1583 643 1656 698 et
1723 642 2024 713 ornatu,
2089 622 2170 696 id
2221 651 2260 696 a
2323 651 2398 697 se
2459 625 2540 696 in

476 729 735 805 Atticis
796 722 1372 844 praegerniisffiim
1419 755 1572 832 ess-e
1591 782 1612 821 ,
1663 732 1868 826 quod
1910 731 2080 820 illa,
2143 743 2545 826 antequam

478 839 831 909 Herodes
882 830 1089 906 istud
1136 832 1314 908 ‘aedi
1405 837 1562 907 ium
1617 836 2135 906 exstruendum
2211 837 2548 904 institue-

477 952 619 1028 ret,
665 942 1204 1032 perscripserit.
1308 920 1556 1037 Nihby
1577 933 1654 1006 in
1683 961 1809 1007 sua
1835 936 2246 1008 Prefazione
2277 963 2348 1034 p.
2365 933 2550 1008 VIII

476 1039 898 1114 Pausaniam
972 1060 1180 1137 putat
1247 1056 1419 1142 post.
1497 1037 1902 1112 Antinoum
1987 1037 2420 1110 defunctum
2473 1059 2550 1110 et

478 1141 702 1242 paulo
750 1163 913 1216 ante
960 1141 1307 1216 Hadriani
1354 1161 1667 1216 mortem
1702 1141 2180 1213 intra·annum
2221 1139 2552 1213 CXXIX

482 1261 557 1316 et
620 1244 1015 1318 CXXXIV
1086 1273 1294 1324 aerae
1363 1263 1652 1320 nostrae
1722 1261 1970 1322 natum
2027 1269 2215 1335 esse,
2283 1241 2551 1316 abusus

480 1345 608 1420 iIlo
678 1347 1063 1424 Pausaniae
1124 1348 1335 1442 loco,
1403 1347 1538 1448 'qui
1597 1367 1704 1422 est
1750 1345 1968 1439 VIII,
2013 1356 2089 1440 9,
2137 1355 2210 1424 4.
2317 1345 2550 1428 Libro

485 1445 781 1523 demum
809 1450 1029 1544 VIII,
1097 1459 1199 1530 48
1242 1471 1598 1525 memorat
1644 1449 2018 1526 Pausanias
2069 1470 2144 1524 et
2186 1447 2555 1524 An'tonini

479 1549 595 1628 Pii
652 1552 1081 1651 imperium,
1153 1576 1225 1629 et
1300 1555 1489 1626 illius
1541 1577 2054 1642 successorem,
2087 1553 2556 1626 Antoninum

476 1651 1015 1753 Philosophum
1087 1683 1216 1730 seu
1296 1657 1770 1757 posteriorem
1787 1709 1810 1750 ,
1907 1656 2038 1754 qui
2115 1652 2560 1757 Olympiade

482 1755 909 1830 CCXXXV
965 1759 1009 1831 i.
1072 1783 1133 1832 e.
1191 1759 1433 1834 CLXI
1487 1789 1558 1859 p,
1605 1759 1686 1837 C.
1735 1789 1808 1834 n.
1869 1758 2224 1860 imperare
2273 1759 2554 1857 coepitt

472 1864 691 1960 ‚cujus
752 1860 1201 1962 Olympiadis
1256 1863 1472 1936 etiam
1531 1863 1612 1936 in
1640 1859 2058 1936 'Pausaniae
2118 1862 2235 1952 X,
2309 1869 2434 1953 34,
2496 1871 2558 1942 2

481 1977 726 2035 exstat·
760 1966 1055 2060 mentio.
1190 1963 1482 2040 Deinde
1541 1963 1692 2042 hoc
1756 1962 2020 2040 eodem
2077 1963 2245 2038 loco
2301 1967 2560 2060 refert,

482 2089 611 2138 sua
673 2085 901 2140 aetate
962 2070 1436 2162 Costobocos,
1527 2087 1822 2172 gentem
1885 2066 2392 2162 Sarmaticam,
2469 2067 2558 2141 in

482 2167 891 2272 Graeciam„
918 2170 1291 2246 invasisse:
1339 2168 1488 2246 hoc
1548 2197 1720 2246 vero
1777 2170 1912 2246 sul)
1954 2169 2331 2244 Antonino
2382 2169 2560 2244 Phi-

474 2267 795 2368 losopho
860 2273 1197 2346 accidisse
1254 2300 1482 2374 quum
1528 2273 1958 2370 interpretes
2015 2297 2100 2344 ex
2149 2271 2222 2348 J.
2261 2272 2357 2345 Ca
2365 2272 2562 2372 pito·

376 2380 385 2391 “
476 2371 609 2445 lini
640 2373 869 2473 capite
910 2383 1013 2452 22
1040 2377 1503 2468 adnotarunt,
1559 2395 1712 2449 tum
1747 2373 2128 2451 Pausanias
2159 2375 2312 2475 ipse
2347 2375 2558 2473 VIII,

478 2484 622 2567 43,
666 2484 719 2553 4
769 2475 1057 2549 indicat.
1184 2478 1520 2577 Denique
1567 2476 1681 2569 V,
1756 2485 1838 2571 1,
1902 2486 1942 2555 1
2003 2477 2393 2583 significat,
2475 2506 2560 2555 se

480 2576 727 2649 Eliaca·
778 2578 1019 2679 priora
1088 2606 1307 2655 anno·
1342 2580 1689 2655 CCXVII
1755 2601 1921 2679 post
1985 2580 2424 2655 Corinthum
2511 2612 2564 2659 a

374 2735 387 2755 .
483 2678 553 2753 J.
584 2678 879 2752 Caesare
908 2682 1374 2773 instauratam
1412 2682 1460 2758 i.
1497 2708 1557 2761 e.
1613 2682 2232 2761 DCCCCXXVII
2275 2713 2336 2758 a.
2383 2714 2454 2759 u.
2487 2714 2562 2761 c.

483 2808 613 2855 seu
673 2782 1068 2858 CLXXIV·
1114 2780 1189 2885 'p.
1236 2784 1317 2863 C.
1365 2814 1438 2859 n.
1479 2811 1654 2886 ergo
1715 2786 2072 2893 Antonini
2128 2783 2562 2887 Philosophi

478 2885 895 2983 imperantis
954 2911 1147 2961 anno
1198 2890 1382 2961 XVI
1433 2890 1813 2987 scripsisse.
1935 2890 2042 2961 Ex
2105 2887 2375 2988 quibus
2438 2891 2560 2963 in-

481 2990 633 3061 telli
688 2989 851 3079 ‘tur,
886 3014 1139 3089 neque·
1172 2990 1554 3083 Clavierio,
1607 2992 1737 3090 qui
1781 2991 2097 3090 scripsit:
2151 2992 2250 3085 „l’
2289 3014 2556 3069 auteur

486 3093 579 3167 de
634 3018 714 3165 {i
760 3090 1209 3191 description
1256 3092 1349 3167 de
1407 3094 1492 3167 la·
1547 3095 1786 3169 Greee
1847 3122 1896 3201 y
1942 3092 2318 3171 travailloit
2366 3096 2418 3169 l’
2458 3124 2560 3171 an

490 3202 640 3272 174
700 3194 795 3269 de
846 3194 913 3267 J.
962 3196 1095 3268 C.“
1162 3222 1404 3297 neque
1462 3196 1810 3299 Nihbyo,
1897 3197 2046 3297 qui!
2083 3224 2154 3297 p.
2222 3199 2299 3271 X
2341 3198 2556 3273 dicit:

487 3297 677 3391 „che
721 3296 865 3399 egli
930 3299 1267 3373 scrivesse
1336 3301 1388 3373 Ρ
1443 3324 1836 3399 opera-sua
1893 3302 2178 3379 almeno
2240 3298 2440 3400 dopo
2501 3303 2558 3375 l’

480 3426 683 3473 anno
739 3408 889 3478 174
932 3398 1121 3475 della
1178 3426 1301 3476 era
1356 3404 1702 3505 volgare“
1767 3401 2339 3496 assentiendum,
2421 3402 2556 3478 sed

480 3490 724 3601 pdtius
778 3502 1241 3581 statuendum
1296 3530 1488 3599 esse,
1565 3504 1984 3579 Pausaniam
2017 3504 2420 3580 'Hadriano
2479 3531 2556 3583 et

482 3604 873 3693 Antoninis
920 3606 1438 3707 imperantibus
1481 3605 1630 3682 hoc
1667 3632 1853 3705 opus
1908 3609 2418 3707 composuisse.
2539 3640 2546 3645 ·

637 3703 979 3821 §Quibus
1060 3709 1426 3811 explicatis
1480 3710 1843 3810 reliquum
1899 3730 2007 3783 est
2024 3764 2045 3803 ,
2099 3730 2202 3806 ut,
2252 3714 2554 3811 qualem
2639 3802 2653 3811 .

414 3816 425 3827 ‘
484 3811 917 3907 sdiptorem
951 3808 1145 3887 laurio
1186 3818 1620 3911 Periegeten
1649 3838 1818 3887 esse
1859 3839 2284 3891 censeamus
2297 3872 2319 3909 ,
2385 3846 2556 3921 ape-

452 3905 731 3997 ‚iiatim
836 3913 956 4010 Si,
1007 3914 1215 4015 quod
1254 3916 1349 3989 de
1395 3937 1746 4017 tempore,
1797 3924 1950 4015 quo
1993 3916 2390 3993 Pausanias*
2417 3922 2554 3993 Pe·

417 4057 426 4065 -
490 4015 793 4119 riegetes
828 4013 977 4093 hoc
1016 4044 1231 4093 suum
1291 4042 1480 4119 opus
1545 4020 2090 4121 conscripserit,
2167 4024 2552 4121 proposui..

397 4119 405 4128 '
487 4146 689 4215 mus,
722 4148 763 4193 a
800 4144 978 4199 vero
1016 4148 1170 4197 nou
1220 4140 1327 4197 est
1367 4121 1708 4217 alienum,
1757 4121 2086 4209 videmur
2123 4150 2332 4223 posse
2377 4152 2552 4209 con·
