2734 4825
455 393 596 459 223
965 368 2039 446 AnnorA‘rloNEs

473 578 640 635 mur,
687 558 748 619 in
779 554 1027 619 ‘Hesiodi
1060 556 1288 635 Fragin.
1321 578 1385 635 p.
1406 554 1535 625 453
1568 556 1735 637 Lips.
1770 546 2334 637 deprehenduntur,
2377 572 2537 613 eam-

415 710 428 719 ,
473 668 594 726 que
624 646 750 726 jam
783 642 1089 704 Diodorus
1135 644 1249 702 Sic.
1290 641 1392 717 lv,
1420 644 1503 709 71
1532 643 1915 721 interpretari
1949 652 2200 702 conatus
2234 648 2343 699 est.
2385 639 2534 699 adde

475 729 856 793 Valckenarii
885 728 1103 789 Adnot.
1131 729 1196 788 in
1219 728 1424 808 Eurip.
1452 726 1631 807 Hipp.
1660 748 1723 805 p.
1758 732 1909 795 818.

647 815 694 899 5
697 862 710 875 .
755 818 816 883 5.
859 815 951 881 ἐπ’
978 810 1126 877 mimi
1159 814 1353 893 Mosq.
1408 812 1587 873 vind.
1620 812 1782 871 Haec
1828 806 2091 873 secunda
2120 812 2388 871 narratio
2418 810 2537 868 Ae-

473 902 808 982 sculapium
837 902 900 961 in
921 896 1228 959 Thessalia
1251 920 1282 959 e
1311 896 1617 959 Coronide
1644 908 1851 957 natum
1880 896 2227 977 perhibuit,
2274 906 2344 953 ut
2380 904 2537 975 patet

473 1010 552 1049 ex
585 986 832 1047 Hesiodi
861 984 1228 1063 Fragmentis
1265 1004 1413 1043 mox
1458 982 1823 1057 indicandis,
1884 1003 1916 1043 e
1958 980 2205 1041 Pindari
2232 972 2407 1059 Pyth.
2436 978 2537 1055 111,

472 1077 558 1140 59
591 1094 722 1151 sqq.
755 1070 1130 1151 Apollodoro
1157 1070 1260 1144 ΠΙ,
1291 1074 1391 1143 10,
1423 1077 1461 1136 3
1489 1078 1550 1128 et
1571 1066 1916 1147 Pherecyde
1939 1066 2108 1147 apud
2134 1063 2339 1125 Schol.
2370 1064 2537 1124 Pind.

473 1160 516 1218 l.
547 1178 597 1217 c.
625 1158 776 1217 adde
804 1156 1154 1217 Strabonem
1177 1154 1338 1229 XIV,
1369 1159 1516 1229 647,
1552 1146 1659 1212 ubi
1688 1152 2084 1233 Aesculapius
2124 1150 2203 1211 ad
2218 1148 2541 1213 Lethaeum

471 1242 813 1303 Thessaliae
837 1238 1094 1301 fluvium
1123 1242 1300 1301 uatus
1342 1238 1641 1313 traditur,
1700 1258 1835 1299 cum
1894 1240 2067 1303 Notis
2110 1237 2189 1297 ad
2233 1236 2539 1296 Hellenica

453 1350 532 1409 -Ρ,
564 1332 666 1397 89.
699 1334 824 1397 262
848 1346 936 1407 sq.
971 1337 1030 1386 et
1059 1322 1347 1401 Aristide,
1396 1344 1572 1405 quem
1598 1320 1926 1385 Palmerius
1956 1322 2243 1383 laudavit.
2290 1320 2543 1383 Coroni-

473 1412 567 1473 dis
597 1414 706 1473 has
735 1428 872 1472 eum
902 1404 1115 1491 ischye
1139 1410 1381 1491 nuptias
1409 1420 1546 1469 ante
1591 1410 2031 1489 Apollodorum
2060 1430 2132 1469 ac
2154 1402 2543 1487 Pherecydeu

469 1500 788 1576 tetigerant
811 1497 1108 1557 Hesiodus
1129 1496 1340 1575 (cujus
1380 1494 1502 1553 duo
1534 1495 1863 1571 fragmenta
1894 1516 1957 1575 p.
1991 1500 2118 1562 439
2150 1502 2211 1553 et
2236 1490 2366 1561 443
2384 1495 2539 1575 Lips.

389 1626 402 1635 .
469 1582 594 1642 huc
633 1581 958 1663 pertinent)
1000 1590 1184 1658 atque
1208 1580 1559 1639 Pindarus.-
1626 1580 1931 1639 Coronida
1979 1579 2056 1639 ob
2100 1574 2259 1639 lianc
2304 1580 2539 1661 culpam

430 1684 443 1694 ‘
470 1666 770 1728 interfecit
805 1668 991 1725 Diana
1017 1665 1192 1725 etiam
1229 1664 1389 1741 apud
1416 1662 1809 1743 Pherecyden
1839 1674 2023 1745 atque
2048 1664 2399 1740 Pindarum,
2444 1666 2541 1745 qui

473 1750 695 1812 adhoc
725 1750 896 1811 deam
935 1742 1008 1808 ab
1049 1746 1326 1829 Apolline
1372 1750 1610 1809 missam
1660 1760 1721 1809 et
1760 1748 1993 1829 sagittis
2034 1751 2158 1809 suis
2202 1768 2377 1809 usam
2396 1754 2543 1811 ‘esse

473 1836 667 1912 canit,
755 1836 974 1917 Apollo
1045 1844 1244 1895 autem
1315 1833 1448 1912 ipse
1515 1845 1797 1895 narrante
1832 1830 1835 1832 Α
1867 1836 2279 1916 Apollodoro,
2384 1837 2541 1917 apud

474 1942 654 2005 quem
711 1922 786 1980 ut
847 1916 1014 2000 apud
1054 1918 1381 1999 Pindarum
1452 1918 1673 1997 Apollo
1740 1920 1871 1999 ipse
1926 1922 2221 1981 infantem
2284 1921 2541 1983 flammis

471 2008 672 2087 eripit.
756 2005 1034 2065 Notabile
1063 2014 1290 2079 autem,
1335 2006 1502 2083 quod
1524 2006 1846 2064 Pausanias
1878 2006 2037 2081 Vm,
2066 2012 2127 2083 4,
2152 2014 2191 2074 3
2220 2007 2421 2084 dicat,
2469 2008 2543 2067 de

471 2090 706 2173 Ischyis
733 2095 926 2151 morte
955 2111 1019 2150 se
1047 2092 1236 2167 egisse
1257 2089 1332 2153 ’ἓν
1363 2095 1443 2172 τῇ
1481 2096 1808 2189 συγγραφῇ
1838 2096 1915 2173 τῇ
1941 2082 2288 2172 Ἀργολίδι·
2330 2094 2401 2152 in
2426 2092 2541 2154 hac

474 2174 528 2236 si
549 2172 718 2235 illam
737 2176 1032 2249 narravit,
1075 2174 1196 2234 hoc
1225 2183 1435 2233 nostro
1462 2176 1603 2235 loco
1626 2176 1691 2233 id
1718 2170 1964 2236 videtur
2002 2178 2229 2237 sactum
2260 2198 2421 2257 esse3
2478 2179 2539 2238 in

471 2280 548 2321 eo
572 2272 769 2321 autem
804 2280 987 2341 quum
1015 2258 1089 2318 de
1119 2260 1220 2318 illa
1251 2266 1444 2317 morte
1476 2259 1622 2318 nihil
1651 2262 1951 2337 legamus,
2008 2264 2232 2321 mentio
2278 2263 2408 2341 ejus
2442 2264 2539 2323 vel

469 2336 858 2416 librariorum
885 2344 1237 2424 negligentia
1279 2342 1539 2420 excidit3
1598 2346 1801 2404 forsan
1856 2356 2001 2426 post
2045 2347 2235 2407 verba
2278 2342 2402 2412 ἆπό
2439 2353 2543 2429 τῆς

469 2429 734 2516 φλογός,
775 2433 876 2491 vel
909 2432 981 2488 ab
1029 2440 1272 2488 auctore
1311 2430 1448 2508 ipso
1489 2431 1792 2491 nesciente
1836 2433 2259 2511 praetermissa
2298 2443 2405 2493 est.
2459 2436 2540 2493 De

469 2515 689 2598 Iscliye
745 2517 1064 2577 interfecto
1107 2509 1487 2594 Pherecydes
1532 2517 1573 2574 l.
1616 2538 1667 2574 c.
1725 2517 1878 2576 Ister
1928 2525 1987 2577 et
2043 2519 2145 2578 alii
2204 2519 2269 2578 in
2320 2514 2539 2597 Hygini

471 2601 718 2660 Astron.
749 2602 822 2674 ll,
857 2609 958 2665 40.
1005 2599 1222 2678 lschyn
1265 2619 1340 2657 ex
1372 2599 1631 2658 Arcadia
1666 2599 1962 2680 hospitem
2002 2604 2235 2662 venisse
2264 2603 2324 2662 in
2350 2603 2539 2662 Thes-

469 2685 730 2760 saliam„
751 2685 1044 2744 Pindarus
1069 2683 1323 2743 tradidit
1346 2684 1519 2764 Pyth.
1544 2686 1647 2762 ΠΙ,
1678 2675 1763 2752 ’44
1790 2707 1881 2768 sq.
1922 2683 2168 2770 Iwhyn,
2226 2686 2539 2750 Valentem

377 2831 383 2836 ,
468 2769 735 2830 reddidit
761 2771 972 2828 Cicero
996 2769 1071 2828 de
1098 2769 1168 2826 N.
1205 2771 1272 2826 l).
1301 2767 1401 2843 m,
1434 2777 1535 2836 22.
2130 2833 2137 2840 ,

567 2883 574 2891 ·
637 2853 698 2936 5.
743 2859 802 2922 6.
895 2853 1093 2912 Tertia
1125 2855 1421 2928 nai-ratic,
1468 2853 1891 2937 Aesculapium
1915 2857 1979 2916 in
2008 2851 2299 2916 Messenia
2325 2857 2537 2918 exAr·

468 2941 634 3002 sino'e
661 2939 922 3017 genitum
955 2958 1110 3011 esse,
1158 2957 1338 3017 quum
1367 2934 1427 2996 h.
1457 2940 1495 2997 1.
1523 2940 1745 3019 rejecta
1782 2949 1957 3018 esset,
1988 2943 2337 3022 simpliciter
2362 2964 2538 3022 repe-

469 3025 620 3087 titur
647 3025 745 3103 IV,
776 3033 834 3101 3,
865 3031 922 3092 2.
950 3031 1052 3097 31,
1077 3029 1135 3095 9,
1165 3021 1270 3080 ubi
1307 3021 1461 3081 filios
1498 3045 1739 3104 quoque
1778 3025 2123 3107 Aesculapii
2160 3029 2278 3088 sibi
2312 3029 2535 3088 Messe-

465 3113 557 3172 nii
575 3111 908 3170 vindicasse
941 3109 1250 3168 dicuntur:
1296 3107 1506 3167 contra
1534 3130 1707 3188 quam
1742 3111 2171 3172 Messeniorum
2201 3115 2537 3173 contentio-

467 3216 637 3272 nem,
681 3216 883 3256 veram
909 3197 1074 3253 illam
1102 3213 1136 3252 a
1165 3191 1483 3254 Meibomio
1511 3195 1569 3254 in
1594 3194 1882 3276 Hippocr.
1910 3196 2091 3275 Jurej.
2124 3219 2255 3278 cap.
2304 3205 2364 3265 5.
2390 3219 2535 3278 pro-

468 3279 810 3340 nunciatam
833 3325 848 3356 ,
893 3279 1256 3358 disputatum
1295 3287 1386 3337 est
1413 3282 1471 3338 in
1500 3281 1668 3338 Notis
1698 3281 1773 3340 ad
1806 3282 2111 3341 Hellenica
2154 3303 2215 3364 p.
2244 3289 2348 3350 89.
2407 3283 2535 3342 Ar·-

468 3368 666 3442 sinoe,
713 3366 1000 3446 Leucippi
1026 3363 1148 3423 filia
1178 3373 1236 3422 et
1276 3363 1538 3441 Hjlairae
1572 3374 1749 3446 atque
1789 3363 2060 3426 Phoebes
2102 3389 2281 3428 soror
2326 3369 2534 3450 (111‚2‚

463 3455 527 3515 7.
569 3451 670 3526 IV,
715 3459 815 3527 31,
846 3451 930 3533 9),
977 3473 1010 3509 a
1053 3448 1269 3530 quibus
1309 3453 1708 3530 scriptoribus
1749 3451 2091 3532 Aesculapii
2140 3457 2333 3513 mater
2373 3453 2536 3513 dicta

465 3535 580 3609 sit,
629 3553 950 3615 cognosces
997 3556 1029 3594 e
1058 3533 1194 3593 Sub.
1225 3535 1394 3594 Pind.
1439 3537 1503 3599 P.
1550 3535 1651 3612 ΠΙ,
1703 3542 1801 3611 14,
1832 3539 1935 3596 ubi
1974 3539 2239 3617 pericula
2290 3557 2535 3619 quoque

463 3619 697 3678 videbis
727 3617 916 3696 faeta,
975 3621 1171 3680 venias
1209 3619 1283 3678 de
1331 3631 1518 3680 matre
1566 3621 1907 3701 Aesculapii
1948 3623 2321 3686 narrationes
2379 3624 2535 3684 inter

463 3724 530 3764 se
563 3705 936 3766 conciliandi.
980 3701 1133 3766 adde
1165 3703 1327 3785 quod
1353 3705 1694 3765 Lactantius
1731 3707 1805 3765 de
1850 3708 1999 3768 falsa
2038 3709 2201 3787 relig.
2237 3709 2291 3785 Ῑ,
2329 3715 2409 3774 10
2456 3727 2533 3770 ex

459 3787 774 3869 Tarquitio
815 3793 1005 3851 affert.
1091 3792 1184 3850 Ad
1215 3792 1471 3868 primum
1502 3790 1685 3870 hujus
1716 3791 1941 3854 oraculi
1984 3811 2226 3855 versum
2270 3793 2531 3853 Valcke-

457 3876 660 3935 narius
691 3873 1254 3956 exAiis'toph.Plut·
1285 3883 1409 3942 640
1439 3872 1861 3960 ἆναβοᾶσομαι
1891 3877 2037 3960 μέγα
2070 3881 2345 3960 βροτοῖσι
2384 3879 2531 3959 ‹pir-

453 3985 596 4105 ffc,
637 3955 1001 4039 ’Λσκληπιόν
1027 3961 1313 4020 laudavit.
1359 3957 1558 4042 χάρμα
1592 3967 1900 4042 βροτοῖσιν
1935 3963 2007 4023 de
2048 3965 2283 4024 Baccho
2330 3974 2423 4024 est
2462 3963 2527 4024 in

515 4067 626 4108 om.
655 4047 722 4108 Π.
759 4042 915 4122 XIV,
946 4051 1088 4113 325.
1120 4041 1307 4126 Orph.
1353 4045 1413 4108 li.
1446 4052 1547 4112 50.
1596 4047 1661 4106 In
1708 4051 1973 4108 secundo
2018 4069 2203 4109 versu
2252 4051 2527 4130 Corayus

452 4143 616 4192 recte
661 4133 995 4197 emendavit
1044 4131 1186 4212 ἐμοί.
1241 4131 1316 4188 cf.
1367 4131 1543 4194 Hom.
1588 4131 1702 4214 Od.
1751 4133 1821 4208 V,
1854 4137 1991 4202 125.
2034 4133 2208 4195 Iliad.
2240 4135 2343 4212 VI,
2382 4133 2521 4202 165.
